@misc{geeksforgeeksHistoryOperating,
	author = {},
	title = {{H}istory of {O}perating {S}ystem - {G}eeksfor{G}eeks --- geeksforgeeks.org},
	howpublished = {\url{https://www.geeksforgeeks.org/evolution-of-operating-system/}},
	year = {},
	note = {[Accessed 02-01-2025]},
}

@misc{wikipediaMicrosoftWindows,
	author = {},
	title = {{M}icrosoft {W}indows - {W}ikipedia --- en.wikipedia.org},
	howpublished = {\url{https://en.wikipedia.org/wiki/Microsoft_Windows}},
	year = {},
	note = {[Accessed 02-01-2025]},
}

@misc{wikipediaListMicrosoft,
	author = {},
	title = {{L}ist of {M}icrosoft {W}indows versions - {W}ikipedia --- en.wikipedia.org},
	howpublished = {\url{https://en.wikipedia.org/wiki/List_of_Microsoft_Windows_versions}},
	year = {},
	note = {[Accessed 02-01-2025]},
}

@misc{wikipediaMacOSVersion,
	author = {},
	title = {mac{O}{S} version history - {W}ikipedia --- en.wikipedia.org},
	howpublished = {\url{https://en.wikipedia.org/wiki/MacOS_version_history}},
	year = {},
	note = {[Accessed 02-01-2025]},
}

@misc{wikipediaMacOSWikipedia,
	author = {},
	title = {mac{O}{S} - {W}ikipedia --- en.wikipedia.org},
	howpublished = {\url{https://en.wikipedia.org/wiki/MacOS}},
	year = {},
	note = {[Accessed 02-01-2025]},
}

@misc{setappFullList,
	author = {},
	title = {{T}he full list of all mac{O}{S} versions until 2024 --- setapp.com},
	howpublished = {\url{https://setapp.com/how-to/full-list-of-all-macos-versions}},
	year = {},
	note = {[Accessed 02-01-2025]},
}

@misc{wikipediaLinuxWikipedia,
	author = {},
	title = {{L}inux - {W}ikipedia --- en.wikipedia.org},
	howpublished = {\url{https://en.wikipedia.org/wiki/Linux}},
	year = {},
	note = {[Accessed 02-01-2025]},
}

@misc{mitLinusTorvalds,
	author = {},
	title = {{L}inus {T}orvalds | {L}emelson --- lemelson.mit.edu},
	howpublished = {\url{https://lemelson.mit.edu/resources/linus-torvalds}},
	year = {},
	note = {[Accessed 02-01-2025]},
}

@misc{geeksforgeeksMSDosCommands,
	author = {},
	title = {{M}{S}-{D}os {C}ommands: {A} {C}omprehensive {L}ist - {G}eeksfor{G}eeks --- geeksforgeeks.org},
	howpublished = {\url{https://www.geeksforgeeks.org/dos-commands/}},
	year = {},
	note = {[Accessed 03-01-2025]},
}